<record><leader>00000cas a22000007a 4500</leader><controlfield tag="001">28581507</controlfield><controlfield tag="008">930806d1890189unmuwr ne      0    0eng d</controlfield><datafield ind1=" " ind2=" " tag="010"><subfield code="a">sn 93061696 </subfield></datafield><datafield ind1=" " ind2=" " tag="040"><subfield code="a">NVM</subfield><subfield code="b">eng</subfield><subfield code="c">NVM</subfield><subfield code="d">OCLCQ</subfield><subfield code="d">OCLCF</subfield><subfield code="d">OCLCO</subfield></datafield><datafield ind1="1" ind2=" " tag="029"><subfield code="a">AU@</subfield><subfield code="b">000025870488</subfield></datafield><datafield ind1=" " ind2=" " tag="042"><subfield code="a">msc</subfield></datafield><datafield ind1=" " ind2=" " tag="043"><subfield code="a">n-us-nm</subfield></datafield><datafield ind1="0" ind2=" " tag="130"><subfield code="a">Elk (Gallup, N.M.)</subfield></datafield><datafield ind1="1" ind2="4" tag="245"><subfield code="a">The elk.</subfield></datafield><datafield ind1=" " ind2=" " tag="260"><subfield code="a">Gallup, N.M. :</subfield><subfield code="b">Henderson &amp; Covert</subfield></datafield><datafield ind1=" " ind2=" " tag="300"><subfield code="a">v.</subfield></datafield><datafield ind1=" " ind2=" " tag="310"><subfield code="a">Weekly</subfield></datafield><datafield ind1="0" ind2=" " tag="362"><subfield code="a">Vol. 1, no. 1 (Feb. 15, 1890)-v. 2, no. 33 (Oct. 24, 1891).</subfield></datafield><datafield ind1=" " ind2=" " tag="530"><subfield code="a">Also on microfilm: El Paso, Tex. : Southwest Micropublishing, Inc.</subfield></datafield><datafield ind1=" " ind2="0" tag="651"><subfield code="a">Gallup (N.M.)</subfield><subfield code="v">Newspapers.</subfield></datafield><datafield ind1=" " ind2="0" tag="651"><subfield code="a">McKinley County (N.M.)</subfield><subfield code="v">Newspapers.</subfield></datafield><datafield ind1=" " ind2="0" tag="651"><subfield code="a">Bernalillo County (N.M.)</subfield><subfield code="v">Newspapers.</subfield></datafield><datafield ind1=" " ind2="7" tag="655"><subfield code="a">Newspapers.</subfield><subfield code="2">fast</subfield><subfield code="0">(OCoLC)fst01423814</subfield></datafield><datafield ind1=" " ind2="7" tag="651"><subfield code="a">New Mexico</subfield><subfield code="z">Bernalillo County.</subfield><subfield code="2">fast</subfield><subfield code="0">(OCoLC)fst01218455</subfield></datafield><datafield ind1=" " ind2="7" tag="651"><subfield code="a">New Mexico</subfield><subfield code="z">Gallup.</subfield><subfield code="2">fast</subfield><subfield code="0">(OCoLC)fst01214321</subfield></datafield><datafield ind1=" " ind2="7" tag="651"><subfield code="a">New Mexico</subfield><subfield code="z">McKinley County.</subfield><subfield code="2">fast</subfield><subfield code="0">(OCoLC)fst01207916</subfield></datafield><datafield ind1=" " ind2=" " tag="752"><subfield code="a">United States</subfield><subfield code="b">New Mexico</subfield><subfield code="c">McKinley</subfield><subfield code="d">Gallup.</subfield></datafield><datafield ind1="0" ind2="0" tag="780"><subfield code="t">Gallup gleaner (Gallup, N.M. : 1888)</subfield><subfield code="w">(DLC)sn 93061643</subfield></datafield><datafield ind1="0" ind2="0" tag="785"><subfield code="t">Gallup gleaner (Gallup, N.M. : 1891)</subfield><subfield code="w">(DLC)sn 94057072</subfield></datafield></record>